@inproceedings{mckinna93:_pure_type_system_formal,
  title = {Pure Type Systems Formalized},
  author = {McKinna, James and Pollack, Robert},
  booktitle = {International Conference on Typed Lambda Calculi and Applications (TLCA)},
  editor =  {Mark Bezem and Jan F. Groote},
  series = {Lecture Notes in Computer Science},
  volume = 664,
  year = 1993,
  publisher = {Springer, Berlin, Heidelberg},
}

@Article{chargueraud12:_local_namel_repres,
  author = {Arthur Charguéraud},
  title = {The Locally Nameless Representation},
  journal = {Journal of Automated Reasoning},
  year = 2012,
  volume = 49,
  pages = {363--408}
}

@misc{bauer:_finit,
  title={Finitary type theories with and without contexts},
  author={Philipp G. Haselwarter and Andrej Bauer},
  year={2021},
  eprint={2112.00539},
  archivePrefix={arXiv},
  primaryClass={math.LO}
}

@Misc{bauer20:gtt,
  title={A general definition of dependent type theories},
  author={Andrej Bauer and Philipp G. Haselwarter and Peter LeFanu Lumsdaine},
  year={2020},
  eprint={2009.05539},
  archivePrefix={arXiv},
  primaryClass={math.LO}
}

@article{coqEqReloaded,
  author    = {Matthieu Sozeau and Cyprien Mangin},
  title     = {Equations reloaded: high-level dependently-typed functional programming and proving in {Coq}},
  journal   = {Proceedings of the {ACM} on programming languages},
  volume    = 3,
  number    = {{ICFP}},
  pages     = {86:1--86:29},
  year      = 2019
}

@inproceedings{sprinklesAgda,
  author = {Jesper Cockx and Andreas Abel},
  title =  {Sprinkles of extensionality for your vanilla type theory},
  editors = {Silvia Ghilezan and Iveti Jelena},
  booktitle = {22nd International Conference on Types for Proofs and Programs TYPES 2016},
  address = {University of Novi Sad},
  year =  2016}

@Misc{agda-site,
  key =       {Agda},
  title =     {The {Agda} proof assistant},
  year =      2021,
  howpublished = {\url{https://wiki.portal.chalmers.se/agda/}}
}

@misc{agda-stdlib-lexicographic,
  author       = {The {A}gda development team},
  title        = {Agda standard library},
  howpublished = {\url{https://github.com/agda/agda-stdlib/blob/master/src/Induction/Lexicographic.agda}},
  year         = {2021}
}

@Misc{coq-site,
  key = {Coq},
  title = {The {Coq} proof assistant, version 2021.02.2},
  year = {2021},
  howpublished = {\url{https://coq.inria.fr/}}
}

@article{agda-conversion,
  title = {Decidability of Conversion for Type Theory in Type Theory},
  author = {Andreas Abel and Joakim \"{O}hman and Andrea Vezzosi},
  journal = {{Proceedings of the ACM on Programming Languages}},
  volume = 2,
  number = {{POPL}},
  month = dec,
  year = 2017
}


@article{coq-correct,
  author    = {Matthieu Sozeau and
               Simon Boulier and
               Yannick Forster and
               Nicolas Tabareau and
               Th{\'{e}}o Winterhalter},
  title     = {{Coq} {Coq} correct! {V}erification of Type Checking and Erasure for {Coq}, in {Coq}},
  journal   = {{Proceedings of the ACM on Programming Languages}},
  volume    = 4,
  number    = {{POPL}},
  year      = 2019,
  month     = dec
}

@article{Abel-Scherer,
  title = {On Irrelevance and Algorithmic Equality in Predicative Type Theory},
  author = {Andreas Abel and Gabriel Scherer},
  journal = {Logical Methods in Computer Science},
  volume = 8,
  number = 1,
  year = 2012
}

@inproceedings{Harper-Stone-POPL,
 author = {Stone, Christopher A. and Harper, Robert},
 title = {Deciding Type Equivalence in a Language with Singleton Kinds},
 year = 2000,
 booktitle = {Proceedings of the 27th ACM SIGPLAN-SIGACT Symposium on Principles of Programming Languages},
 series = {POPL’00},
 % COMMENTurl = {https://doi.org/10.1145/325694.325724},
 COMMENTdoi = {10.1145/325694.325724},
}

@Misc{lean-site,
  key = {Lean},
  title = {The {Lean} theorem prover},
  howpublished = {\url{https://leanprover.github.io}}
}

@inproceedings{lean,
  author    = {Leonardo de Moura and
               Soonho Kong and
               Jeremy Avigad and
               Floris van Doorn and
               Jakob von Raumer},
  title     = {The {Lean} Theorem Prover (System Description)},
  booktitle = {25th International Conference on Automated Deduction (CADE 25)},
  year      = {2015},
  month     = aug
}


@article{Harper-Stone,
  author    = {Christopher A. Stone and Robert Harper},
  title     = {Extensional equivalence and singleton types},
  journal   = {{ACM} Transactions on Computational Logic},
  volume    = {7},
  number    = {4},
  pages     = {676--722},
  year      = {2006}
}

@inproceedings{andromeda-1,
  author    = {Andrej Bauer and
               Ga{\"{e}}tan Gilbert and
               Philipp G. Haselwarter and
               Matija Pretnar and
               Christopher A. Stone},
  title     = {Design and Implementation of the {Andromeda} Proof Assistant},
  booktitle = {22nd International Conference on Types for Proofs and Programs {(TYPES 2016)}},
  pages     = {5:1--5:31},
  series    = {LIPIcs},
  volume    = 97,
  year      = 2018
}

@Misc{dedukti-site,
  key = {Dedukti},
  title = {The {Dedukti} logical framework},
  howpublished = {\url{https://deducteam.github.io}}
}

@Misc{andromeda-site,
  key = {Andromeda},
  title =     {The {Andromeda} proof assistant},
  author = {Bauer, Andrej
            and Haselwarter, Philipp G.
            and Petković Komel, Anja },
  howpublished = {\url{http://www.andromeda-prover.org/}}}


@Misc{MMT-site,
  key =       {MMT},
  title =     {The {MMT} Language and System},
  howpublished = {\url{https://uniformal.github.io//}}}

@article{MMT-paper,
  author    = {Rabe, Florian},
  title     = {A Modular Type Reconstruction Algorithm},
  journal   = {{ACM} Transactions on Computational Logic},
  volume    = 19,
  number    = 4,
  pages     = {24:1--24:43},
  year      = 2018
}


@article{geuvers10,
  author = {Herman Geuvers and Krebbers Robbert and McKinna James and Freek Wiedijk},
  year = 2010,
  pages = {53--67},
  title = {Pure Type Systems without Explicit Contexts},
  volume = 34,
  journal = {Electronic Proceedings in Theoretical Computer Science}
}

@InProceedings{ICMS2020-equality-checking,
  author =      {Bauer, Andrej and Haselwarter, Philipp G. and Petković, Anja},
  title =       {Equality Checking for General Type Theories in Andromeda 2},
  booktitle =   {Mathematical Software -- ICMS 2020},
  year =        2020,
  pages =       {253--259}
}

@InProceedings{cockx:TTunchained,
  author =	{Cockx, Jesper},
  title =	{Type Theory Unchained: Extending {A}gda with User-Defined Rewrite Rules},
  booktitle =	{25th International Conference on Types for Proofs and Programs (TYPES 2019)},
  pages =	{2:1--2:27},
  series =	{Leibniz International Proceedings in Informatics (LIPIcs)},
  year =	2020,
  volume =	175,
  editor =	{Marc Bezem and Assia Mahboubi},
  publisher =	{Schloss Dagstuhl--Leibniz-Zentrum f{\"u}r Informatik},
  address =	{Dagstuhl, Germany},
}

@article{cockx-rew,
  author = {Cockx, Jesper and Tabareau, Nicolas and Winterhalter, Théo},
  title = {The Taming of the Rew: A Type Theory with Computational Assumptions},
  year = 2021,
  volume = 5,
  number = {{POPL}},
  journal = {Proceedings of the {ACM} on {Programming} {Languages}}
}

@inproceedings{strub10:_coq_modul_theor,
  author = {Pierre{-}Yves Strub},
  booktitle = {Computer Science Logic, 24th International Workshop, {CSL} 2010, 19th Annual Conference of the EACSL, Brno, Czech Republic, August 23-27, 2010},
  editor = {Anuj Dawar and Helmut Veith},
  pages = {529--543},
  publisher = {Springer},
  series = {Lecture Notes in Computer Science},
  title = {Coq Modulo Theory},
  volume = 6247,
  year = 2010
}


@Misc{sterling20:_cubic_languag_bishop_sets,
  title={A Cubical Language for Bishop Sets},
  author={Jonathan Sterling and Carlo Angiuli and Daniel Gratzer},
  year={2021},
  eprint={2003.01491},
  archivePrefix={arXiv},
  primaryClass={cs.LO}
}

@article{gilbert19:_defin_k,
  author    = {Gaëtan Gilbert and Jesper Cockx and Matthieu Sozeau and Nicolas Tabareau},
  title     = {Definitional proof-irrelevance without {K}},
  journal   = {{Proceedings of the ACM on Programming Languages}},
  volume    = 3,
  number    = {{POPL}},
  pages     = {3:1--3:28},
  year      = 2019
}

@article{Altenkirch15:relMon,
   title={Monads need not be endofunctors},
   volume={11},
   ISSN={1860-5974},
   url={http://dx.doi.org/10.2168/LMCS-11(1:3)2015},
   DOI={10.2168/lmcs-11(1:3)2015},
   number={1},
   journal={Logical Methods in Computer Science},
   publisher={Centre pour la Communication Scientifique Directe (CCSD)},
   author={Altenkirch, Thosten and Chapman, James and Uustalu, Tarmo},
   editor={Ong, LukeEditor},
   year={2015},
   month=mar
}

@article{Wadler15:prop-as-types,
author = {Wadler, Philip},
title = {Propositions as Types},
year = {2015},
issue_date = {December 2015},
publisher = {Association for Computing Machinery},
address = {New York, NY, USA},
volume = {58},
number = {12},
issn = {0001-0782},
% url = {https://doi.org/10.1145/2699407},
doi = {10.1145/2699407},
journal = {Communications of ACM},
month = nov,
pages = {75–84},
numpages = {10}
}

@article{Curry34:prop-as-types,
 ISSN = {00278424},
 author = {Curry, Haskell B.},
 journal = {Proceedings of the National Academy of Sciences of the United States of America},
 number = {11},
 pages = {584--590},
 publisher = {National Academy of Sciences},
 title = {Functionality in Combinatory Logic},
 volume = {20},
 year = {1934}
}

@book{Curry-Freys58:combinatoryLogic,
    AUTHOR = {Curry, Haskell B. and Feys, Robert},
     TITLE = {Combinatory logic. {V}ol. {I}},
    SERIES = {Studies in Logic and the Foundations of Mathematics},
 PUBLISHER = {North-Holland Publishing Co., Amsterdam},
      YEAR = {1958},
     PAGES = {xvi+417},
   MRCLASS = {02.00},
  MRNUMBER = {0094298},
MRREVIEWER = {E. J. Cogan}
}

@incollection{Howard80:Formulae-as-types,
	publisher = {Academic Press},
	editor = {Haskell Curry and Hindley B. and Seldin J. Roger and P. Jonathan},
	booktitle = {To H. B. Curry: Essays on Combinatory Logic, Lambda Calculus, and Formalism},
	title = {The Formulae-as-Types Notion of Construction},
	author = {William Alvin Howard},
	year = {1980}
}

@Misc{Isabelle-FOL,
  key = {isabelle-FOL},
  title = {{I}sabelle/{FOL} -- {F}irst-{O}rder {L}ogic},
  author = {Larry Paulson and Markus Wenzel},
  howpublished = {\url{https://www.cl.cam.ac.uk/research/hvg/Isabelle/dist/library/FOL/FOL/outline.pdf}}
}

@Misc{Isabelle-HOL,
  key = {isabelle-HOL},
  title = {{I}sabelle},
  year = 2016,
  howpublished = {\url{https://isabelle.in.tum.de/}}
}

@article{Fischer93:cps,
  author    = {Fischer, Michael J.},
  title     = {{Lambda-Calculus Schemata}},
  journal   = {Lisp and Symbolic Computation},
  volume    = {6},
  number    = {3-4},
  pages     = {259--288},
  year      = {1993}
}

@inproceedings{Reynolds72:cps,
 author = {Reynolds, John C.},
 title = {{Definitional Interpreters for Higher-order Programming Languages}},
 booktitle = {Proceedings of the ACM Annual Conference - Volume 2},
 series = {ACM 1972},
 year = {1972},
 location = {Boston, Massachusetts, USA},
 pages = {717--740},
 numpages = {24},
 acmid = {805852},
 publisher = {Association for Computing Machinery},
}

@incollection{Martin-Lof-1972,
	Author = {Martin-L{\"o}f, Per},
	Booktitle = {Twenty-five years of constructive type theory ({V}enice, 1995)},
	Mrclass = {03B15 (03F55)},
	Mrnumber = 1686864,
	Pages = {127--172},
	Publisher = {Oxford University Press},
        Editor = {Giovanni Sambin and Jan M. Smith},
	Series = {Oxford Logic Guides},
	Title = {An intuitionistic theory of types},
	Volume = 36,
	Year = 1998}

@incollection{Martin-Lof-1973,
	Author = {Martin-L{\"o}f, Per},
	Booktitle = {Logic Colloquium 1973, Proceedings of the Logic Colloquium},
	Editor = {H.E. Rose and J.C. Shepherdson},
	Mrclass = {02C15 (02D99)},
	Mrnumber = {0387009 (52 \#7856)},
	Mrreviewer = {Horst Luckhardt},
	Pages = {73--118},
	Publisher = {North-Holland},
	Series = {Studies in Logic and the Foundations of Mathematics},
	Title = {An intuitionistic theory of types: predicative part},
	Volume = 80,
	Year = 1975}

@incollection{Martin-Lof-1979,
	Author = {Martin-L{\"o}f, Per},
	Booktitle = {Logic, Methodology and Philosophy of Science VI, Proceedings of the Sixth International Congress of Logic, Methodology and Philosophy of Science, Hannover 1979},
  Editor = {L. Jonathan Cohen and Jerzy {Łoś} and Helmut Pfeiffer and Klaus-Peter Podewski},
	Mrclass = {03F50 (03B70 03F55 68Q45)},
	Mrnumber = {682410 (85d:03112)},
	Mrreviewer = {B. H. Mayoh},
	Pages = {153--175},
	Publisher = {North-Holland},
	Series = {Studies in Logic and the Foundations of Mathematics},
	Title = {Constructive mathematics and computer programming},
	Volume = 104,
	Year = 1982}

@book{martin-lof:bibliopolis,
	Author = {Martin-L{\"o}f, Per},
	Isbn = {88-7088-105-9},
	Mrclass = {03B15 (03F50 03F55)},
	Mrnumber = {769301 (86j:03005)},
	Mrreviewer = {M. M. Richter},
	Pages = {iv+91},
	Publisher = {Bibliopolis},
	Series = {Studies in Proof Theory},
	Subtitle = {Notes by Giovanni Sambin},
	Title = {Intuitionistic type theory},
	Volume = {1},
	Year = {1984}}

@article{kol25,
author = {Kolmogorov, Andrei Nikolaevich},
title = {On the principles of excluded middle (Russian) },
journal = {Matematičeski Sbornik},
volume = {32},
issue = {4},
year = {1925},
pages = {646--667},
url = {http://mi.mathnet.ru/msb7425},
}


@article{Gentzen1974,
author = {Gentzen, Gerhard},
journal = {{Archiv für mathematische Logik und Grundlagenforschung}},
pages = {119--132},
title = {Über das Verhältnis zwischen intuitionistischer und klassischer Arithmetik},
volume = {16},
year = {1974},
}

@article{Szabo1971-SZATCP-2,
	pages = {238--265},
	journal = {Journal of Philosophy},
	year = {1971},
	number = {8},
	title = {{The Collected Papers of Gerhard Gentzen}},
	author = {Szabo, Margaret E.},
	volume = {68},
	publisher = {Journal of Philosophy Inc}
}

@article{Gentzen1936,
author = {Gentzen, Gerhard},
journal = {Mathematische Annalen},
keywords = {set theory},
pages = {493--565},
title = {{Die Widerspruchsfreiheit der reinen Zahlentheorie}},
url = {http://eudml.org/doc/159839},
volume = {112},
year = {1936},
}

@article{Godel1933,
author = {Gödel, Kurt},
journal = {Ergebnisse eines Mathematischen Kolloquiums},
issue = {4},
pages = {34--38},
title = {{Zur intuitionistischen Arithmetik und Zahlentheorie}},
year = {1933},
}

@article{kuroda1951,
author = "Kuroda, Sigekatu",
journal = "Nagoya Mathematical Journal",
pages = "35--47",
publisher = "Nagoya Mathematical Journal",
title = "{Intuitionistische Untersuchungen der formalistischen Logik}",
url = "https://projecteuclid.org:443/euclid.nmj/1118764737",
volume = "2",
year = "1951"
}

@Article{Krivine1990,
author="Krivine, Jean-Louis",
title="{Op{\'e}rateurs de mise en m{\'e}moire et traduction de G{\"o}del}",
journal="Archive for Mathematical Logic",
year="1990",
month=jul,
day="01",
volume="30",
number="4",
pages="241--267",
}


@InProceedings{Friedman78:A-translation,
author="Friedman, Harvey",
editor="M{\"u}ller, Gert H.
and Scott, Dana S.",
title="Classically and intuitionistically provably recursive functions",
booktitle="Higher Set Theory",
year="1978",
publisher="Springer Berlin Heidelberg",
address="Berlin, Heidelberg",
pages="21--27",
isbn="978-3-540-35749-0"
}

@inproceedings{Winterhalter2019:ERT,
 author = {Winterhalter, Th{\'e}o and Sozeau, Matthieu and Tabareau, Nicolas},
 title = {Eliminating Reflection from Type Theory},
 booktitle = {Proceedings of the 8th ACM SIGPLAN International Conference on Certified Programs and Proofs},
 series = {Certified Programs and Proofs 2019},
 year = {2019},
 isbn = {978-1-4503-6222-1},
 location = {Cascais, Portugal},
 pages = {91--103},
 numpages = {13},
 acmid = {3294095},
 publisher = {Association for Computing Machinery},
 address = {New York, NY, USA}
}

@inproceedings{Hofmann95:CER,
 author = {Hofmann, Martin},
 title = {Conservativity of Equality Reflection over Intensional Type Theory},
 booktitle = {Selected Papers from the International Workshop on Types for Proofs and Programs},
 series = {TYPES 1995},
 year = {1996},
 isbn = {3-540-61780-9},
 pages = {153--164},
 numpages = {12},
 acmid = {695865},
 publisher = {Springer-Verlag},
 address = {Berlin, Heidelberg},
}

@book{Hofmann97:ECI,
 author = {Hofmann, Martin},
 title = {Extensional Constructs in Intensional Type Theory},
 year = {1997},
 isbn = {3540761217},
 publisher = {Springer-Verlag},
 address = {Berlin, Heidelberg},
}

@inproceedings{Oury2005:ECC,
 author = {Oury, Nicolas},
 title = {Extensionality in the {Calculus of Constructions}},
 booktitle = {Proceedings of the 18th International Conference on Theorem Proving in Higher Order Logics},
 series = {TPHOLs 2005},
 year = {2005},
 location = {Oxford, UK},
 pages = {278--293},
 numpages = {16},
 publisher = {Springer-Verlag},
 address = {Berlin, Heidelberg},
}

@inproceedings{Pedrot14:FFI,
  author    = {Pierre{-}Marie P{\'{e}}drot},
  editor    = {Thomas A. Henzinger and
               Dale Miller},
  title     = {A functional functional interpretation},
  booktitle = {Joint Meeting of the Twenty-Third {EACSL} Annual Conference on Computer
               Science Logic {(CSL)} and the Twenty-Ninth Annual {ACM/IEEE} Symposium
               on Logic in Computer Science (LICS), {CSL-LICS} '14, Vienna, Austria,
               July 14 - 18, 2014},
  pages     = {77:1--77:10},
  publisher = {{ACM}},
  year      = {2014}
}

@phdthesis{Pedrot15:PhD,
  author    = {Pierre{-}Marie P{\'{e}}drot},
  title     = {A Materialist Dialectica. (Une Dialectica mat{\'{e}}rialiste)},
  school    = {Paris Diderot University, France},
  year      = {2015},
  url       = {https://tel.archives-ouvertes.fr/tel-01247085}
}

@article{Godel58:dialectica,
author = {Gödel, Kurt},
title = {Über eine bisher nicht erweiterung des finiten standpunktes},
journal = {Dialectica},
volume = {12},
number = {3 - 4},
pages = {280--287},
year = {1958}
}

@incollection{Avigad98:FI,
	publisher = {Elsevier},
	booktitle = {Handbook of Proof Theory},
	title = {{Gödel's Functional Interpretation}},
	year = {1998},
  chapter = {VI},
	author = {Jeremy Avigad and Solomon Feferman},
	editor = {Samuel R. Buss},
}

@inproceedings{Cohen2015:CubicalTT,
  author    = {Cyril Cohen and
               Thierry Coquand and
               Simon Huber and
               Anders M{\"{o}}rtberg},
  title     = {Cubical Type Theory: {A} Constructive Interpretation of the Univalence
               Axiom},
  booktitle = {{TYPES 2015}},
  series    = {Leibniz International Proceedings in Informatics},
  volume    = {69},
  pages     = {5:1--5:34},
  publisher = {Schloss Dagstuhl - Leibniz-Zentrum fuer Informatik},
  year      = {2015}
}

@InProceedings{bezem_et_al2014:CubicalSets,
  author =	{Marc Bezem and Thierry Coquand and Simon Huber},
  title =	{{A Model of Type Theory in Cubical Sets}},
  booktitle =	{19th International Conference on Types for Proofs and Programs (TYPES 2013)},
  pages =	{107--128},
  series =	{Leibniz International Proceedings in Informatics},
  ISBN =	{978-3-939897-72-9},
  ISSN =	{1868-8969},
  year =	{2014},
  volume =	{26},
  editor =	{Ralph Matthes and Aleksy Schubert},
  publisher =	{Schloss Dagstuhl--Leibniz-Zentrum fuer Informatik},
  address =	{Dagstuhl, Germany}
}

@inproceedings{Licata:2015:CAS,
 author = {Licata, Daniel R. and Brunerie, Guillaume},
 title = {A Cubical Approach to Synthetic Homotopy Theory},
 booktitle = {Proceedings of the 2015 30th Annual ACM/IEEE Symposium on Logic in Computer Science (LICS)},
 series = {LICS 2015},
 year = {2015},
 isbn = {978-1-4799-8875-4},
 pages = {92--103},
 numpages = {12},
 acmid = {2876525},
 publisher = {IEEE Computer Society},
 address = {Washington, DC, USA}
}

@article{coquand88:Coc,
  author    = {Thierry Coquand and
               G{\'{e}}rard P. Huet},
  title     = {{The Calculus of Constructions}},
  journal   = {Information and Computation},
  volume    = {76},
  number    = {2/3},
  pages     = {95--120},
  year      = {1988}
}

@article{Awodey04:propAsTypes,
  author    = {Steven Awodey and
               Andrej Bauer},
  title     = {Propositions as {[Types]}},
  journal   = {Journal of Logic and Computation},
  volume    = {14},
  number    = {4},
  pages     = {447--471},
  year      = {2004}
}

@inproceedings{Pfenning01:IEPR,
author    = {Frank Pfenning},
title     = {{Intensionality, Extensionality, and Proof Irrelevance in Modal Type
             Theory}},
booktitle = {{Logic in Computer Science}},
pages     = {221--230},
publisher = {{IEEE} Computer Society},
year      = {2001}
}

@Book{hottbook,
  author =    {{The Univalent Foundations Program}},
  title =     {Homotopy Type Theory: Univalent Foundations of Mathematics},
  publisher = {\url{https://homotopytypetheory.org/book}},
  address =   {Institute for Advanced Study},
  year =      2013
}

@book{NuprlBook86,
  author    = {Robert L. Constable and
               Stuart F. Allen and
               Mark Bromley and
               Rance Cleaveland and
               J. F. Cremer and
               R. W. Harper and
               Douglas J. Howe and
               Todd B. Knoblock and
               N. P. Mendler and
               Prakash Panangaden and
               James T. Sasaki and
               Scott F. Smith},
  title     = {{Implementing mathematics with the Nuprl proof development system}},
  publisher = {Prentice Hall},
  year      = {1986}
}

@article{AllenBCEKLM06:CompTTNuprl,
  author    = {Stuart F. Allen and
               Mark Bickford and
               Robert L. Constable and
               Richard Eaton and
               Christoph Kreitz and
               Lori Lorigo and
               E. Moran},
  title     = {{Innovations in computational type theory using Nuprl}},
  journal   = {Journal of Applied Logic},
  volume    = {4},
  number    = {4},
  pages     = {428--469},
  year      = {2006}
}

@article{Post47:wordProblem,
 author = {Post, Emil L.},
 journal = {The Journal of Symbolic Logic},
 number = {1},
 pages = {1--11},
 publisher = {Association for Symbolic Logic},
 title = {Recursive Unsolvability of a Problem of Thue},
 volume = {12},
 year = {1947}
}

@article{Markov47:wordProblem,
 author = {Markov, Andrey A.},
 journal = {Dokl. Akad. Nauk SSSR},
 issue = {7},
 pages = {587--590},
 title = {Impossibility of certain algorithms in the theory of associative systems},
 volume = {55},
 year = {1947}
}

@article{Markov47:1:wordProblem,
 author = {Markov, Andrey A.},
 journal = {Dokl. Akad. Nauk SSSR},
 pages = {353--356},
 title = {Impossibility of certain algorithms in the theory of associative systems},
 volume = {58},
 year = {1947}
}

@article{Makanin66:wordProblem,
  author    = {Makanin, Gennady Semenovich},
  title     = {On the identity problem in finitely defined semigroups},
  journal   = {Dokl. Akad. Nauk SSSR},
  volume    = {171},
  number    = {2},
  pages     = {285--287},
  year      = {1966}
}

@article{Matiyasevich67:wordProblem,
  author    = {Matiyasevich,Yuri Vladimirovich},
  title     = {Simple examples of undecidable associative calculi},
  journal   = {Dokl. AN  SSSR},
  volume    = {173},
  number    = {16},
  pages     = {555–-557},
  year      = {1967}
}

@misc{Petkovic-Komel-Bauer:eqchk,
      title={An extensible equality checking algorithm for dependent type theories},
      author={Bauer, Andrej and Petković Komel, Anja},
      year={2021},
      eprint={2103.07397},
      archivePrefix={arXiv},
      primaryClass={cs.LO}
}

@article{Russell1908:MLABTT,
	volume = {30},
	publisher = {Association for Symbolic Logic},
	author = {Bertrand Russell},
	number = {3},
	title = {Mathematical Logic as Based on the Theory of Types},
	journal = {American Journal of Mathematics},
	year = {1908},
	pages = {222--262}
}

@book{Russell25,
  author = {Whitehead, Alfred North and Russell, Bertrand},
  publisher = {Cambridge University Press},
  title = {Principia Mathematica},
  year = {1925}
}

@article{church1940,
author = {Church, Alonzo},
journal = {Journal of Symbolic Logic},
month = jun,
number = {2},
pages = {56--68},
publisher = {Association for Symbolic Logic},
title = {A Formulation of the {Simple Theory of Types}},
volume = {5},
year = {1940}
}

@book{Church:1941tc,
	author = {Church, Alonzo},
	publisher = {Princeton University Press},
	title = {The Calculi of Lambda Conversion. (AM-6)},
	year = {1941}}

@book{Pierce-TAPL,
	Author = {Pierce, Benjamin C.},
	Errata = {http://www.cis.upenn.edu/~bcpierce/tapl/errata.txt},
	Homepage = {http://www.cis.upenn.edu/~bcpierce/tapl},
	Publisher = {MIT Press},
	Title = {Types and Programming Languages},
	Year = 2002}

@book{Lambek86:HCL,
	year = {1986},
	publisher = {Cambridge University Press},
	author = {Lambek, Joachim and Scott, P. J.},
	title = {Introduction to Higher Order Categorical Logic}
}

@phdthesis{Cartmell78:Thesis,
  author = {John W. Cartmell},
	title = {Generalised algebraic theories and contextual categories},
	year = {1978},
	school = {Oxford University}
}

@article{CARTMELL68:CwA,
title = {Generalised algebraic theories and contextual categories},
journal = {Annals of Pure and Applied Logic},
volume = {32},
pages = {209--243},
year = {1986},
issn = {0168-0072},
author = {John W. Cartmell}
}

@article{seely1984,
 title={Locally cartesian closed categories and type theory},
 volume={95},
 number={1},
 journal={Mathematical Proceedings of the Cambridge Philosophical Society},
 publisher={Cambridge University Press},
 author={Seely, Robert Andrew George},
 year={1984},
 pages={33–48}
}

@article{Jacobs93:comprehensionCats,
title = {Comprehension categories and the semantics of type dependency},
journal = {Theoretical Computer Science},
volume = {107},
number = {2},
pages = {169-207},
year = {1993},
author = {Bart Jacobs}
}

@inproceedings{Taylor86:displayMapCat,
author = {Taylor, Paul},
title = {Internal Completeness of Categories of Domains},
year = {1986},
publisher = {Springer-Verlag},
address = {Berlin, Heidelberg},
booktitle = {Proceedings of a Tutorial and Workshop on Category Theory and Computer Programming},
pages = {449–465},
numpages = {17},
location = {Guildford, United Kingdom}
}

@inproceedings{Dybjer1995:InternalTT:CwF,
  author    = {Dybjer, Peter},
  title     = {Internal Type Theory},
  booktitle = {{TYPES 1995}},
  series    = {Lecture Notes in Computer Science},
  volume    = {1158},
  pages     = {120--134},
  publisher = {Springer},
  year      = {1995}
}

@article{moggi91:CwA,
title={A category-theoretic account of program modules},
volume={1},
number={1},
journal={Mathematical Structures in Computer Science},
publisher={Cambridge University Press},
author={Moggi, Eugenio},
year={1991},
pages={103--139}}

@article{awodey2018:NaturalModels,
  title={Natural models of homotopy type theory},
  volume={28},
  number={2},
  journal={Mathematical Structures in Computer Science},
  publisher={Cambridge University Press},
  author={Steve Awodey},
  year={2018},
  pages={241–286}
}

@article{Streicher2011:simplicialSets,
  author = {Thomas Streicher},
  ttitle = {A model of type theory in simplicial sets: A brief introduction to Voevodsky's homotopy type theory},
  journal = {Journal of Applied Logic},
  volume = {12},
  number = {1},
  pages = {45-49},
  year = {2014},
  note = {Logic Categories Semantics},
  issn = {1570-8683},
  % doi = {https://doi.org/10.1016/j.jal.2013.04.001},
  url = {https://www.sciencedirect.com/science/article/pii/S1570868313000347}
}

@article{KapulkinLumsfaine:simplicialSets,
  title={{The simplicial model of Univalent Foundations (after Voevodsky)}},
  volume={23},
  number={6},
  journal={Journal of the European Mathematical Society},
  publisher={European Mathematical Society Publishing House},
  author={Kapulkin, Krzysztof and Lumsdaine, Peter LeFanu},
  year={2021},
  pages={2071–2126}
}

@article{Bezem2019:CubicalSets,
  title={{The Univalence Axiom in Cubical Sets}},
  volume={63},
  number={2},
  journal={Journal of Automated Reasoning},
  author={Marc Bezem and Thierry Coquand and Simon Huber},
  year={2019},
  pages={159–171}
}

@article{OrtonPitts18:ModelsCTT,
  TITLE = {{Axioms for Modelling Cubical Type Theory in a Topos}},
  AUTHOR = {Ian Orton and Andrew M. Pitts},
  JOURNAL = {{Logical Methods in Computer Science}},
  VOLUME = {{Volume 14, Issue 4}},
  YEAR = {2018},
  MONTH = Dec
}

@inproceedings{LicataOPS18:ModelsHoTT,
  author    = {Daniel R. Licata and
               Ian Orton and
               Andrew M. Pitts and
               Bas Spitters},
  editor    = {H{\'{e}}l{\`{e}}ne Kirchner},
  title     = {Internal Universes in Models of Homotopy Type Theory},
  booktitle = {3rd International Conference on Formal Structures for Computation
               and Deduction, {FSCD} 2018, July 9-12, 2018, Oxford, {UK}},
  series    = {LIPIcs},
  volume    = {108},
  pages     = {22:1--22:17},
  publisher = {Schloss Dagstuhl - Leibniz-Zentrum f{\"{u}}r Informatik},
  year      = {2018},
  % url       = {https://doi.org/10.4230/LIPIcs.FSCD.2018.22}
}

@inproceedings{HofmannS94:groupoidModel,
  author    = {Martin Hofmann and
               Thomas Streicher},
  title     = {The Groupoid Model Refutes Uniqueness of Identity Proofs},
  booktitle = {Proceedings of the Ninth Annual Symposium on Logic in Computer Science
               {(LICS} '94), Paris, France, July 4-7, 1994},
  pages     = {208--212},
  publisher = {{IEEE} Computer Society},
  year      = {1994}
}

@misc{isaev2017algebraic,
      title={Algebraic Presentations of Dependent Type Theories},
      author={Valery Isaev},
      year={2017},
      eprint={1602.08504},
      archivePrefix={arXiv},
      primaryClass={math.LO}
}

@inproceedings{MouraKADR15:Lean,
  author    = {Leonardo Mendon{\c{c}}a de Moura and
               Soonho Kong and
               Jeremy Avigad and
               Floris van Doorn and
               Jakob von Raumer},
  title     = {{The Lean Theorem Prover (System Description)}},
  booktitle = {{CADE}},
  series    = {Lecture Notes in Computer Science},
  volume    = {9195},
  pages     = {378--388},
  publisher = {Springer},
  year      = {2015}
}

@inproceedings{leanThmProver,
  author    = {Leonardo de Moura},
  title     = {Formalizing Mathematics using the Lean Theorem Prover},
  booktitle = {{International Symposium on Artificial Intelligence and Mathematics}},
  year      = {2016},
}

@inproceedings{weaning-translation,
  author    = {Pierre{-}Marie P{\'{e}}drot and
               Nicolas Tabareau},
  title     = {An effectful way to eliminate addiction to dependence},
  booktitle = {{Logic in Computer Science 2017}},
  pages     = {1--12},
  publisher = {{IEEE} Computer Society},
  year      = {2017}
}

@article{Harper93:logicalFrameworks,
author = {Harper, Robert and Honsell, Furio and Plotkin, Gordon},
title = {A Framework for Defining Logics},
year = {1993},
publisher = {Association for Computing Machinery},
address = {New York, NY, USA},
volume = {40},
number = {1},
journal = {Journal of the ACM},
month = jan,
pages = {143–184}
}

@inbook{Pfenning01:LF,
author = {Frank Pfenning},
title = {Logical Frameworks},
year = {2001},
publisher = {Elsevier Science Publishers B. V.},
booktitle = {Handbook of Automated Reasoning},
pages = {1063–1147},
numpages = {85}
}

@InProceedings{Pfenning99:Twelf,
author={Pfenning, Frank
and Sch{\"u}rmann, Carsten},
title={System Description: Twelf --- A Meta-Logical Framework for Deductive Systems},
booktitle={Automated Deduction --- CADE-16},
year={1999},
publisher={Springer Berlin Heidelberg},
address={Berlin, Heidelberg},
pages={202--206}
}

@InProceedings{Pientka2010:Beluga,
author= {Brigitte Pientka
and Jana Dunfield},
editor= {Giesl, J{\"u}rgen
and H{\"a}hnle, Reiner},
title= {Beluga: A Framework for Programming and Reasoning with Deductive Systems (System Description)},
booktitle= {Automated Reasoning},
year= {2010},
publisher= {Springer Berlin Heidelberg},
address= {Berlin, Heidelberg},
pages= {15--2}
}

@misc{uemura2019general,
      title={A General Framework for the Semantics of Type Theory},
      author={Taichi Uemura},
      year={2019},
      eprint={1904.04097},
      archivePrefix={arXiv},
      primaryClass={math.CT}
}
@misc{harper2021equationalLF,
      title={An Equational Logical Framework for Type Theories},
      author={Robert Harper},
      year={2021},
      eprint={2106.01484},
      archivePrefix={arXiv},
      primaryClass={math.LO}
}

@inbook{Barendregt93:pureTS,
author = {Barendregt, Henk},
title = {Lambda Calculi with Types},
year = {1993},
isbn = {0198537611},
publisher = {Oxford University Press, Inc.},
address = {USA},
booktitle = {Handbook of Logic in Computer Science (Vol. 2): Background: Computational Structures},
pages = {117–309},
numpages = {193}
}

@misc{annenkov2019twolevel,
      title={Two-Level Type Theory and Applications},
      author={Danil Annenkov and Paolo Capriotti and Nicolai Kraus and Christian Sattler},
      year={2019},
      eprint={1705.03307},
      archivePrefix={arXiv},
      primaryClass={cs.LO}
}

@inproceedings{AltenkirchCK16:StrictEquaity,
  author    = {Thorsten Altenkirch and
               Paolo Capriotti and
               Nicolai Kraus},
  editor    = {Jean{-}Marc Talbot and
               Laurent Regnier},
  title     = {Extending Homotopy Type Theory with Strict Equality},
  booktitle = {25th {EACSL} Annual Conference on Computer Science Logic, {CSL} 2016,
               August 29 - September 1, 2016, Marseille, France},
  series    = {LIPIcs},
  volume    = {62},
  pages     = {21:1--21:17},
  publisher = {Schloss Dagstuhl - Leibniz-Zentrum f{\"{u}}r Informatik},
  year      = {2016},
  % url       = {https://doi.org/10.4230/LIPIcs.CSL.2016.21},
  doi       = {10.4230/LIPIcs.CSL.2016.21},
  timestamp = {Tue, 11 Feb 2020 15:52:14 +0100},
  biburl    = {https://dblp.org/rec/conf/csl/AltenkirchCK16.bib},
  bibsource = {dblp computer science bibliography, https://dblp.org}
}

@incollection{GIRARD197163,
title = {Une Extension De ĽInterpretation De Gödel a ĽAnalyse, Et Son Application a ĽElimination Des Coupures Dans ĽAnalyse Et La Theorie Des Types},
editor = {J.E. Fenstad},
series = {Studies in Logic and the Foundations of Mathematics},
publisher = {Elsevier},
volume = {63},
pages = {63-92},
year = {1971},
booktitle = {Proceedings of the Second Scandinavian Logic Symposium},
issn = {0049-237X},
% doi = {https://doi.org/10.1016/S0049-237X(08)70843-7},
url = {https://www.sciencedirect.com/science/article/pii/S0049237X08708437},
author = {Girard, Jean-Yves}
}

@inproceedings{Reynolds74:TS,
author = {Reynolds, John C.},
title = {Towards a Theory of Type Structure},
year = {1974},
isbn = {3540068597},
publisher = {Springer-Verlag},
address = {Berlin, Heidelberg},
booktitle = {Programming Symposium, Proceedings Colloque Sur La Programmation},
pages = {408–423},
numpages = {16}
}

@book{Girard89:proofsAndTypes,
author = {Girard, Jean-Yves and Taylor, Paul and Lafont, Yves},
title = {Proofs and Types},
year = {1989},
isbn = {0521371813},
publisher = {Cambridge University Press},
address = {USA}
}

@inproceedings{Barras2011:CoqMT,
  author    = {Bruno Barras and
               Jean{-}Pierre Jouannaud and
               Pierre{-}Yves Strub and
               Qian Wang},
  title     = {CoQMTU: {A} Higher-Order Type Theory with a Predicative Hierarchy
               of Universes Parametrized by a Decidable First-Order Theory},
  booktitle = {Proceedings of the 26th Annual {IEEE} Symposium on Logic in Computer
               Science, {LICS} 2011, June 21-24, 2011, Toronto, Ontario, Canada},
  pages     = {143--151},
  publisher = {{IEEE} Computer Society},
  year      = {2011}
}

@techreport{Milner1972LogicFC,
  author      = {Milner, Robin},
  institution = {Defence Technical Information Center},
  title       = {Logic for Computable Functions: description of a machine implementation},
  year        = {1972},
  url         = {https://apps.dtic.mil/sti/pdfs/AD0785072.pdf}
}

@inproceedings{GordonMMNW78:ML,
  author    = {Gordon, Michael J. C. and
               Milner, Robin and
               L. Morris and
               Malcolm C. Newey and
               Christopher P. Wadsworth},
  editor    = {Alfred V. Aho and
               Stephen N. Zilles and
               Thomas G. Szymanski},
  title     = {A Metalanguage for Interactive Proof in {LCF}},
  booktitle = {Conference Record of the Fifth Annual {ACM} Symposium on Principles
               of Programming Languages, Tucson, Arizona, USA, January 1978},
  pages     = {119--130},
  publisher = {{ACM} Press},
  year      = {1978}
}

@phdthesis{Girard72:PhD,
  author      = {Jean-Yves Girard},
  title       = {{Interprétation Fonctionelle et Élimination Des Coupures de l’arithmétique d’ordre Supérieur}},
  school      = {Université Paris VII },
  year        = {1972}
}

@inproceedings{Reynolds74:systemF,
  author    = {John C. Reynolds},
  editor    = {Bernard Robinet},
  title     = {Towards a theory of type structure},
  booktitle = {Programming Symposium, Proceedings Colloque sur la Programmation,
               Paris, France, April 9-11, 1974},
  series    = {Lecture Notes in Computer Science},
  volume    = {19},
  pages     = {408--423},
  publisher = {Springer},
  year      = {1974}
}

@inproceedings{CoquandP88:CiC,
  author    = {Thierry Coquand and
               Christine Paulin},
  editor    = {Per Martin{-}L{\"{o}}f and
               Grigori Mints},
  title     = {Inductively defined types},
  booktitle = {COLOG-88, International Conference on Computer Logic, Tallinn, USSR,
               December 1988, Proceedings},
  series    = {Lecture Notes in Computer Science},
  volume    = {417},
  pages     = {50--66},
  publisher = {Springer},
  year      = {1988}
}

@inproceedings{Voevodsky11:UnivalentMath,
  author    = {Vladimir Voevodsky},
  editor    = {Lev D. Beklemishev and
               Ruy J. G. B. de Queiroz},
  title     = {Univalent Foundations of Mathematics},
  booktitle = {Logic, Language, Information and Computation - 18th International
               Workshop, WoLLIC 2011, Philadelphia, PA, USA, May 18-20, 2011. Proceedings},
  series    = {Lecture Notes in Computer Science},
  volume    = {6642},
  pages     = {4},
  publisher = {Springer},
  year      = {2011}
}

@Misc{UniMath,
    author = {Voevodsky, Vladimir and Ahrens, Benedikt and Grayson, Daniel and others},
    title = {{UniMath --- a computer-checked library of univalent mathematics}},
    url = {https://github.com/UniMath/UniMath},
    howpublished = { {available at \url{https://unimath.org} }}
}

 @misc{hottLibrary,
      title={The HoTT Library: A formalization of homotopy type theory in Coq},
      author={Andrej Bauer and Jason Gross and Peter LeFanu Lumsdaine and Mike Shulman and Matthieu Sozeau and Bas Spitters},
      year={2016},
      eprint={1610.04591},
      archivePrefix={arXiv},
      primaryClass={cs.LO}
}

@misc{cubicalttMortberg,
  author       = {Cyril Cohen and Thierry Coquand and Simon Huber and Anders Mörtberg},
  title        = {{The ‘cubicaltt’ theorem prover.}},
  year         = 2018,
  howpublished = {\url{https://github.com/mortberg/cubicaltt}},
}

@misc{redTTRef,
  author       = {{The RedPRL Development Team}},
  title        = {{The ‘redtt’ theorem prover.}},
  year         = 2020,
  howpublished = {\url{https://github.com/RedPRL/redtt}},
}

@article{mortberg2019:cubicalAgda,
author = {Vezzosi, Andrea and M\"{o}rtberg, Anders and Abel, Andreas},
title = {Cubical Agda: A Dependently Typed Programming Language with Univalence and Higher Inductive Types},
year = {2019},
issue_date = {August 2019},
publisher = {Association for Computing Machinery},
address = {New York, NY, USA},
volume = {3},
number = {ICFP},
doi = {10.1145/3341691},
journal = {Proceedings of the ACM Programming Languages},
month = jul,
articleno = {87},
numpages = {29}
}

@misc{Isaev2020:Arend,
  author       = {Valery Isaev},
  title        = {{Arend Standard Library}},
  year         = 2021,
  howpublished = {\url{https://github.com/JetBrains/arend-lib}},
}

@inproceedings{Hofmann1997ExtensionalCI,
  title={Extensional Constructs in Intensional Type Theory},
  author={Martin Hofmann},
  booktitle={CPHC/BCS Distinguished Dissertations},
  year={1997}
}

@inproceedings{BoulierPT17:syntacticModels,
  author    = {Simon Boulier and
               Pierre{-}Marie P{\'{e}}drot and
               Nicolas Tabareau},
  editor    = {Yves Bertot and
               Viktor Vafeiadis},
  title     = {The next 700 syntactical models of type theory},
  booktitle = {Proceedings of the 6th {ACM} {SIGPLAN} Conference on Certified Programs
               and Proofs, {CPP} 2017, Paris, France, January 16-17, 2017},
  pages     = {182--194},
  publisher = {{ACM}},
  year      = {2017}
}

@phdthesis{Boulier2018:phd,
  author    = {Simon Pierre Boulier},
  title     = {Extending type theory with syntactic models. (Etendre la th{\'{e}}orie
               des types {\`{a}} l'aide de mod{\`{e}}les syntaxiques)},
  school    = {Ecole nationale sup{\'{e}}rieure Mines-T{\'{e}}l{\'{e}}com
               Atlantique Bretagne Pays de la Loire, France},
  year      = {2018}
}

@article{Sozeau:MetaCoq,
  author  = {Matthieu Sozeau
            and Abhishek Anand
            and Simon Boulier
            and Cyril Cohen
            and Yannick Forster
            and Fabian Kunze
            and Gregory Malecha
            and Nicolas Tabareau
            and Théo Winterhalter},
  title   = {{The MetaCoq Project}},
  journal = {Journal of Automated Reasoning},
  volume  = {64},
  number  = {5},
  year    = {2020},
  pages   = {947--999}
}

@incollection{Avigad1998-FEFOFD,
	publisher = {Elsevier},
	booktitle = {Handbook of Proof Theory},
	title = {{Gödel's Functional Interpretation}},
	year = {1998},
  chapter = {VI},
	author = {Jeremy Avigad and Solomon Feferman},
	editor = {Samuel R. Buss},
}

@phdthesis{Winterhalter2020:PhD,
  author    = {Th{\'{e}}o Winterhalter},
  title     = {{F}ormalisation and {M}eta{-T}heory of {T}ype {T}heory},
  school    = {{L'U}niversit{\'{e}} de {N}antes, {F}rance},
  year      = {2020},
  url       = {https://www.theses.fr/2020NANT4012}
}

@misc{bauer2021:syntaxFormalisation,
  author       = {Andrej Bauer},
  title        = {Syntax of dependent type theories},
  howpublished = {\url{https://github.com/andrejbauer/dependent-type-theory-syntax/}},
  year         = {2021}
}

@misc{Gaia2021:simpleTT,
  author       = {Ga{\"i}a Loutchmia and Jure Taslak and Danel Ahman and Andrej Bauer (supervisor)},
  title        = {Formalization of simple type theory},
  howpublished = {\url{https://github.com/Chaaaos/formaltt}},
  year         = {2021}
}

@article{Cockx:2020:elaborationCoPatterns,
author = {Cockx, Jesper and Abel, Andreas},
title = {Elaborating Dependent (Co)Pattern Matching},
year = {2018},
issue_date = {September 2018},
publisher = {Association for Computing Machinery},
address = {New York, NY, USA},
volume = {2},
number = {ICFP},
% url = {https://doi.org/10.1145/3236770},
doi = {10.1145/3236770},
journal = {Proceedings of the ACM on Programming Languages},
month = jul,
articleno = {75},
numpages = {30},
keywords = {Dependent types, Copatterns, Dependent pattern matching, Agda}
}

@misc{dMouraAKR2015:elaborationLean,
      title={Elaboration in Dependent Type Theory},
      author={Leonardo de Moura and Jeremy Avigad and Soonho Kong and Cody Roux},
      year={2015},
      eprint={1505.04324},
      archivePrefix={arXiv},
      primaryClass={cs.LO}
}

@inproceedings{Pientka2014:elaborationBeluga,
author = {Ferreira, Francisco and Pientka, Brigitte},
title = {Bidirectional Elaboration of Dependently Typed Programs},
year = {2014},
isbn = {9781450329477},
publisher = {Association for Computing Machinery},
address = {New York, NY, USA},
% url = {https://doi.org/10.1145/2643135.2643153},
doi = {10.1145/2643135.2643153},
booktitle = {Proceedings of the 16th International Symposium on Principles and Practice of Declarative Programming},
pages = {161–174},
numpages = {14},
keywords = {type reconstruction, dependent types},
location = {Canterbury, United Kingdom},
series = {PPDP '14}
}

@article{klee_crary_harper_2007:elaborationML,
author = {Lee, Daniel K. and Crary, Karl and Harper, Robert},
title = {Towards a Mechanized Metatheory of Standard ML},
year = {2007},
issue_date = {January 2007},
publisher = {Association for Computing Machinery},
address = {New York, NY, USA},
volume = {42},
number = {1},
issn = {0362-1340},
% url = {https://doi.org/10.1145/1190215.1190245},
doi = {10.1145/1190215.1190245},
journal = {SIGPLAN Not.},
month = jan,
pages = {173–184},
numpages = {12},
keywords = {standard ML, language definitions, mechanized metatheory, twelf, logical frameworks, type safety}
}


@INPROCEEDINGS{Harper1998:elaborationML,
    author = {Robert Harper and Christopher Stone},
    title = {A Type-Theoretic Interpretation of Standard ML},
    booktitle = {In Proof, Language and Interaction: Essays in Honour of Robin Milner},
    year = {1998},
    publisher = {MIT Press}
}

@INPROCEEDINGS{Pollack92implicitsyntax,
    author = {Robert Pollack},
    title = {Implicit Syntax},
    booktitle = {Informal proceedings of first workshop on logical frameworks},
    year = {1992},
    publisher = {}
}

@phdthesis{Norell2007:phd,
  author      = {Ulf Norell},
  title       = {Towards a practical programming language based on dependent
  type theory},
  school      = {{D}epartment of {C}omputer {S}cience and {E}ngineering, {C}halmers {U}niversity of {T}echnology},
  year        = {2007},
  note        = {Technical Report 33D},
  month       = sep
}

@article{Brady2013:elaborationIdris,
  author    = {Edwin C. Brady},
  title     = {Idris, a general-purpose dependently typed programming language: Design
               and implementation},
  journal   = {Journal of Functional Programming},
  volume    = {23},
  number    = {5},
  pages     = {552--593},
  year      = {2013},
  % url       = {https://doi.org/10.1017/S095679681300018X},
  doi       = {10.1017/S095679681300018X},
}

@article{Asperti2012,
  author    = {Andrea Asperti and
               Wilmer Ricciotti and
               Claudio Sacerdoti Coen and
               Enrico Tassi},
  title     = {A Bi-Directional Refinement Algorithm for the Calculus of (Co)Inductive
               Constructions},
  journal   = {Logical Methods in Computer Science},
  volume    = {8},
  number    = {1},
  year      = {2012},
  % url       = {https://doi.org/10.2168/LMCS-8(1:18)2012},
  doi       = {10.2168/LMCS-8(1:18)2012}
}

@misc{dunfield2020:bidirectionalTyping,
      title={Bidirectional Typing},
      author={Jana Dunfield and Neel Krishnaswami},
      year={2020},
      eprint={1908.05839},
      archivePrefix={arXiv},
      primaryClass={cs.PL}
}

@article{PierceT2000:bidirectionalTyping,
  author    = {Pierce, Benjamin C. and
               Turner, David N.},
  title     = {Local type inference},
  journal   = {{ACM} Transactions on Programming Languages and Systems},
  volume    = {22},
  number    = {1},
  pages     = {1--44},
  year      = {2000}
}

@misc{Kudashov2021:elaborationtypes21,
title= {A proof assistant for synthetic {$\infty$}{-}categories},
author = {Nikolai Kudasov},
year = {2021},
note= {{TYPES 2021, 27th International Conference on Types for Proofs and Programs, June 2021}},
howpublished = {\url{https://types21.liacs.nl/download/a-proof-assistant-for-synthetic-∞-categories}}
}

@misc{Anja2021:elaborationHoTTUF,
title= {Towards an elaboration theorem},
author = {Petković Komel, Anja},
year = {2021},
note= {Invited Talk. HoTT/UF 2021},
}

@article{Turing1937:turingMachine,
    author = {Turing, Alan M.},
    title = {{On Computable Numbers, with an Application to the Entscheidungsproblem}},
    journal = {Proceedings of the London Mathematical Society},
    volume = {s2-42},
    number = {1},
    pages = {230-265},
    year = {1937},
    month = {01},
    issn = {0024-6115},
    doi = {10.1112/plms/s2-42.1.230},
    % url = {https://doi.org/10.1112/plms/s2-42.1.230},
    eprint = {https://academic.oup.com/plms/article-pdf/s2-42/1/230/4317544/s2-42-1-230.pdf},
}

@article{AspertiR15:multiTapeTuring,
  author    = {Andrea Asperti and
               Wilmer Ricciotti},
  title     = {A formalization of multi-tape Turing machines},
  journal   = {Theoretical Computer Science},
  volume    = {603},
  pages     = {23--42},
  year      = {2015},
  % url       = {https://doi.org/10.1016/j.tcs.2015.07.013},
  doi       = {10.1016/j.tcs.2015.07.013}
}

@InProceedings{OddOrder10.1007/978-3-642-39634-2_14,
author="Gonthier, Georges
and Asperti, Andrea
and Avigad, Jeremy
and Bertot, Yves
and Cohen, Cyril
and Garillot, Fran{\c{c}}ois
and Le Roux, St{\'e}phane
and Mahboubi, Assia
and O'Connor, Russell
and Ould Biha, Sidi
and Pasca, Ioana
and Rideau, Laurence
and Solovyev, Alexey
and Tassi, Enrico
and Th{\'e}ry, Laurent",
editor="Blazy, Sandrine
and Paulin-Mohring, Christine
and Pichardie, David",
title="{A Machine-Checked Proof of the Odd Order Theorem}",
booktitle="Interactive Theorem Proving",
year="2013",
publisher="Springer Berlin Heidelberg",
address="Berlin, Heidelberg",
pages="163--179",
}

@article{Leroy-backend,
  author = {Xavier Leroy},
  title = {A formally verified compiler back-end},
  journal = {Journal of Automated Reasoning},
  volume = 43,
  number = 4,
  pages = {363--446},
  year = 2009,
  url = {http://xavierleroy.org/publi/compcert-backend.pdf},
}

@phdthesis{Umeura21:PhD,
  author      = {Taichi Uemura},
  school      = {Institute for Logic, Language and Computation, University of Amseterdam},
  title       = {{A}bstract and {C}oncrete {T}ype {T}heories},
  year        = {2021}
}

@article{Voevodsky1991:mistake,
author = {Kapranov, Mikhail M. and  Voevodsky, Vladimir A.},
journal = {Cahiers de Topologie et Géométrie Différentielle Catégoriques},
keywords = {homotopy category of CW-complexes},
language = {eng},
number = {1},
pages = {29-46},
publisher = {Dunod éditeur, publié avec le concours du CNRS},
title = {$\infty $-groupoids and homotopy types},
url = {http://eudml.org/doc/91469},
volume = {32},
year = {1991},
}

@misc{Simpson1998:correctVV,
  author    = {Carlos Simpson},
  title     = {Homotopy types of strict 3-groupoids},
  year      = {1998},
  eprinttype = {arXiv},
  eprint    = {9810059},
  primaryClass = {math.CT}
}

@misc{Abel98:agdaTermination,
  author       = {Abel, Andreas},
  howpublished = {\url{http://www.informatik.uni-muenchen.de/~abel/foetus/}},
  title        = {foetus - termination checker for simple functional programs},
  year         = {1998}
}

@InProceedings{Sozeau2014:universePolymorphismCoq,
author="Sozeau, Matthieu
and Tabareau, Nicolas",
editor="Klein, Gerwin
and Gamboa, Ruben",
title="Universe Polymorphism in Coq",
booktitle="Interactive Theorem Proving",
year="2014",
publisher="Springer International Publishing",
address="Cham",
pages="499--514"
}

@inproceedings{boulier2017:700sytacticModels,
  TITLE = {{The next 700 syntactical models of type theory}},
  AUTHOR = {Boulier, Simon and P{\'e}drot, Pierre-Marie and Tabareau, Nicolas},
  URL = {https://hal.inria.fr/hal-01445835},
  BOOKTITLE = {{Certified Programs and Proofs (CPP 2017)}},
  ADDRESS = {Paris, France},
  PAGES = {182 - 194},
  YEAR = {2017},
  MONTH = Jan
}

@phdthesis{boulier2018:PhDsyntacticModels,
  TITLE = {{Extending type theory with syntactic models}},
  AUTHOR = {Boulier, Simon Pierre},
  URL = {https://tel.archives-ouvertes.fr/tel-02007839},
  NUMBER = {2018IMTA0110},
  SCHOOL = {{Ecole nationale sup{\'e}rieure Mines-T{\'e}l{\'e}com Atlantique}},
  YEAR = {2018},
  MONTH = Nov
}

@InProceedings{Aczel:logic-enr-ITT,
author="Aczel, Peter
and Gambino, Nicola",
editor="Callaghan, Paul
and Luo, Zhaohui
and McKinna, James
and Pollack, Robert
and Pollack, Robert",
title="Collection Principles in Dependent Type Theory",
booktitle="Types for Proofs and Programs",
year="2002",
publisher="Springer Berlin Heidelberg",
address="Berlin, Heidelberg",
pages="1--23",
}

@InProceedings{kaposi_et_al:Gluing,
  author =	{Ambrus Kaposi and Simon Huber and Christian Sattler},
  title =	{{Gluing for Type Theory}},
  booktitle =	{4th International Conference on Formal Structures for Computation and Deduction (FSCD 2019)},
  pages =	{25:1--25:19},
  series =	{Leibniz International Proceedings in Informatics (LIPIcs)},
  year =	{2019},
  volume =	{131},
  editor =	{Herman Geuvers},
  publisher =	{Schloss Dagstuhl--Leibniz-Zentrum fuer Informatik},
  address =	{Dagstuhl, Germany},
}

@article{spitters:modalDTT,
  title={Modal dependent type theory and dependent right adjoints},
  volume={30},
  DOI={10.1017/S0960129519000197},
  number={2},
  journal={Mathematical Structures in Computer Science},
  publisher={Cambridge University Press},
  author={Birkedal, Lars and Clouston, Ranald and Mannaa, Bassel and Ejlers Møgelberg, Rasmus and Pitts, Andrew M. and Spitters, Bas},
  year={2020},
  pages={118–138}
 }
